@article{Beltramelli17,
  author    = {Tony Beltramelli},
  title     = {pix2code: Generating Code from a Graphical User Interface Screenshot},
  journal   = {CoRR},
  volume    = {abs/1705.07962},
  year      = {2017},
  url       = {http://arxiv.org/abs/1705.07962},
  archivePrefix = {arXiv},
  eprint    = {1705.07962},
  timestamp = {Mon, 13 Aug 2018 16:49:01 +0200},
  biburl    = {https://dblp.org/rec/bib/journals/corr/Beltramelli17},
  bibsource = {dblp computer science bibliography, https://dblp.org}
}
@misc{Beltramelli17Github, 
	title = "pix2code",
	note = "\url{https://www.github.com/tonybeltramelli/pix2code}"
}
@article{DeepCoder16,
  author    = {Matej Balog and
               Alexander L. Gaunt and
               Marc Brockschmidt and
               Sebastian Nowozin and
               Daniel Tarlow},
  title     = {DeepCoder: Learning to Write Programs},
  journal   = {CoRR},
  volume    = {abs/1611.01989},
  year      = {2016},
  url       = {http://arxiv.org/abs/1611.01989},
  archivePrefix = {arXiv},
  eprint    = {1611.01989},
  timestamp = {Mon, 13 Aug 2018 16:47:48 +0200},
  biburl    = {https://dblp.org/rec/bib/journals/corr/BalogGBNT16},
  bibsource = {dblp computer science bibliography, https://dblp.org}
}
@article{Nguyen15,
  title={Reverse Engineering Mobile Application User Interfaces with REMAUI (T)},
  author={Tuan Anh Nguyen and Christoph Csallner},
  journal={2015 30th IEEE/ACM International Conference on Automated Software Engineering (ASE)},
  year={2015},
  pages={248-259}
}
@misc{electron, 
	title = "Electron",
	note = "\url{https://www.electronjs.org/}"
}
@misc{nnWebsite, 
	title = "Neuronale Netze - Eine Einführung",
	author={Günter Daniel Rey and Fabian Beck},
	note = "\url{http://www.neuronalesnetz.de/downloads/neuronalesnetz_de.pdf}"
}
@article{Hubel68,
  title={ Receptive fields and functional architecture of monkey striate cortex},
  author={Hubel, D. H. and Wiesel, T. N.},
  journal={The Journal of Physiology},
  year={1968},
  pages={215–243},
  note = "\url{https://www.ncbi.nlm.nih.gov/pmc/articles/PMC1557912}"
}

@techreport{GRUvsLSTM,
  TITLE = {{COMPARING GRU AND LSTM FOR AUTOMATIC SPEECH RECOGNITION}},
  AUTHOR = {Khandelwal, Shubham and Lecouteux, Benjamin and Besacier, Laurent},
  URL = {https://hal.archives-ouvertes.fr/hal-01633254},
  TYPE = {Research Report},
  INSTITUTION = {{LIG}},
  YEAR = {2016},
  MONTH = Jan,
  KEYWORDS = {Speech Recognition ; Acoustic Models ; LSTM ; GRU ; RNN},
  PDF = {https://hal.archives-ouvertes.fr/hal-01633254/file/comparing-gru-lstm.pdf},
  HAL_ID = {hal-01633254},
  HAL_VERSION = {v1},
}

@article{lstmSearchSpace,
  author    = {Klaus Greff and
               Rupesh Kumar Srivastava and
               Jan Koutn{\'{\i}}k and
               Bas R. Steunebrink and
               J{\"{u}}rgen Schmidhuber},
  title     = {{LSTM:} {A} Search Space Odyssey},
  journal   = {CoRR},
  volume    = {abs/1503.04069},
  year      = {2015},
  url       = {http://arxiv.org/abs/1503.04069},
  archivePrefix = {arXiv},
  eprint    = {1503.04069},
  timestamp = {Mon, 13 Aug 2018 16:46:33 +0200},
  biburl    = {https://dblp.org/rec/bib/journals/corr/GreffSKSS15},
  bibsource = {dblp computer science bibliography, https://dblp.org}
}

@misc{colahsBlogLSTM, 
	title = "Understanding LSTM Networks",
	note = "\url{http://colah.github.io/posts/2015-08-Understanding-LSTMs/}"
}

@article{paperGRUComparison,
  author    = {Junyoung Chung and
               {\c{C}}aglar G{\"{u}}l{\c{c}}ehre and
               KyungHyun Cho and
               Yoshua Bengio},
  title     = {Empirical Evaluation of Gated Recurrent Neural Networks on Sequence
               Modeling},
  journal   = {CoRR},
  volume    = {abs/1412.3555},
  year      = {2014},
  url       = {http://arxiv.org/abs/1412.3555},
  archivePrefix = {arXiv},
  eprint    = {1412.3555},
  timestamp = {Mon, 13 Aug 2018 16:47:38 +0200},
  biburl    = {https://dblp.org/rec/bib/journals/corr/ChungGCB14},
  bibsource = {dblp computer science bibliography, https://dblp.org}
}

@article{LSTM_orig,
title={Long Short-Term Memory},
journal={Neural Computation, 9(8)},
 author={Sepp Hochreiter and Jürgen Schmidhuber},
  year={1997},
  pages={1735–1780},
  note = "\url{https://www.bioinf.jku.at/publications/older/2604.pdf}"
  
}

@article{DBLP:journals/corr/ChoMGBSB14,
  author    = {Kyunghyun Cho and
               Bart van Merrienboer and
               {\c{C}}aglar G{\"{u}}l{\c{c}}ehre and
               Fethi Bougares and
               Holger Schwenk and
               Yoshua Bengio},
  title     = {Learning Phrase Representations using {RNN} Encoder-Decoder for Statistical
               Machine Translation},
  journal   = {CoRR},
  volume    = {abs/1406.1078},
  year      = {2014},
  url       = {http://arxiv.org/abs/1406.1078},
  archivePrefix = {arXiv},
  eprint    = {1406.1078},
  timestamp = {Mon, 13 Aug 2018 16:46:44 +0200},
  biburl    = {https://dblp.org/rec/bib/journals/corr/ChoMGBSB14},
  bibsource = {dblp computer science bibliography, https://dblp.org}
}

@misc{kerasDocRMSprob, 
	title = "RMSprob",
	note = "\url{https://keras.io/optimizers/#rmsprop}"
}


@article{JMLR:v15:srivastava14a,
  author  = {Nitish Srivastava and Geoffrey Hinton and Alex Krizhevsky and Ilya Sutskever and Ruslan Salakhutdinov},
  title   = {Dropout: A Simple Way to Prevent Neural Networks from Overfitting},
  journal = {Journal of Machine Learning Research},
  year    = {2014},
  volume  = {15},
  pages   = {1929-1958},
  url     = {http://jmlr.org/papers/v15/srivastava14a.html}
}